@ARTICLE{refNavn,
    AUTHOR = {Forfatter},
    TITLE = {Titel},
    YEAR = {År}
}

@BOOK{Golumbic2004,
    AUTHOR = {M. C. Golumbic},
    TITLE = {Algorithmic Graph Theory and Perfect Graphs},
    PUBLISHER = {Elsevier Science},
    YEAR = {2004},
    edition = {2nd Edition}
}


@BOOK{designtradeoff,
    AUTHOR = {Jose Formenti and Robert Martinez},
    TITLE = {Design Trade-offs for Switch-Mode Battery Chargers},
    PUBLISHER = {Texas Instruments},
    YEAR = {2004}
}

@BOOK{rsbattery,
    AUTHOR = {RS Article No.: 9053781},
    TITLE = {NI-MH LOW-SELF DISCHARGE, Product Datasheet},
    PUBLISHER = {RS PRO}
}

@BOOK{1n4002,
    AUTHOR = {ON Semiconductor},
    TITLE = {Axial-Lead Glass Passivated Standard Recovery Rectifiers},
    PUBLISHER = {Datasheet, \url{www.onsemi.com}}
}

@BOOK{irlz34n,
    AUTHOR = {International IR Rectifier},
    TITLE = {IRLZ34N MOSFET Datasheet},
    PUBLISHER = {Infenion, \url{www.irf.com}}
}

@BOOK{irf9520,
    AUTHOR = {Vishay Siliconix},
    TITLE = {Power MOSFET Datasheet},
    PUBLISHER = {Vishay, \url{www.vishay.com}},
    YEAR = {2019}
}

@online{xadc_sdu,
  author = {Jørgen Christian Larsen},
  title = {Using the XADC on the Zybo board},
  url = {http://realisenow.sdu.dk/using-the-xadc-on-the-zybo-board/?fbclid=IwAR3h6SrpQ2-a8G0b_H6IPLb-3_U6KnJRWyYUuvmo5beOxH5hrqeu_4r7CJg},
  urldate = {2019-12-13}
}

@online{xadc_ref,
  author ={Technology Un-Limited},
  title = {PYNQ-Z2 Reference Manual},
  url = {http://www.tul.com.tw/download/PYNQ_Z2_User_Manual_v1.1.pdf},
  urldate = {2019-12-15}
}

@online{pynq_z2_board_schematic,
  author ={},
  title = {PYNQ-Z2 Board Schematic},
  url = {http://www.tul.com.tw/download/TUL_PYNQ%20Schematic_R12.pdf},
  urldate = {2019-12-16}
}

@online{code,
  author ={Emil Vincent Ancker and Mikkel Larsen and Mathias Emil Slettemark-Nielsen},
  title = {Mini Project Robot Electronics},
  year = 2019,
  url = {https://github.com/Masle16/mini_project_robot_electronics},
  urldate = {2019-12-16}
}

@BOOK{avr450,
    AUTHOR = {AVR},
    TITLE = {AVR450: Battery Charger for SLA, NiCd, NiMH and Li-Ion Batteries, Application Note},
    PUBLISHER = {Atmel}
}

@BOOK{lm324,
    AUTHOR = {Texas Instruments},
    TITLE = {LMx24-N, LM2902-N Low Power, Quad-Operational Amplifiers},
    PUBLISHER = {Texas Instruments, \url{www.ti.com}}
}

@online{circuitlab,
  author ={Circuitlab},
  title = {Circuit simulation and schematics},
  year = 2019,
  url = {https://www.circuitlab.com/circuit/79v456zdcv6a/buck-circuit/},
  urldate = {2019-12-16}
}